@article{linial92,
  title={Locality in distributed graph algorithms},
  author={Linial, Nathan},
  journal={SIAM Journal on Computing},
  volume={21},
  number={1},
  pages={193--201},
  year={1992},
  publisher={SIAM}
}

@article{naor95,
  title={What can be computed locally?},
  author={Naor, Moni and Stockmeyer, Larry},
  journal={SIAM Journal on Computing},
  volume={24},
  number={6},
  pages={1259--1277},
  year={1995},
  publisher={SIAM}
}

@inproceedings{brandt,
 author = {Brandt, Sebastian and Hirvonen, Juho and Korhonen, Janne H. and Lempiäinen, Tuomo and Östergård, Patric R.J. and Purcell, Christopher and Rybicki, Joel and Suomela, Jukka and Uznański, Przemysław},
 title = {LCL Problems on Grids},
 booktitle = {Proceedings of the ACM Symposium on Principles of Distributed Computing},
 series = {PODC '17},
 year = {2017},
 isbn = {978-1-4503-4992-5},
 location = {Washington, DC, USA},
 pages = {101--110},
 numpages = {10},
 url = {http://doi.acm.org/10.1145/3087801.3087833},
 doi = {10.1145/3087801.3087833},
 acmid = {3087833},
 publisher = {ACM},
 address = {New York, NY, USA},
 keywords = {LCL problems, algorithm synthesis, computational complexity, distributed algorithms, graph colouring, local model},
} 